<?xml version="1.0" encoding="UTF-8"?><record xmlns="http://www.loc.gov/MARC21/slim" xmlns:cinclude="http://apache.org/cocoon/include/1.0" xmlns:zs="http://www.loc.gov/zing/srw/">
  <leader>00324nz  a2200121n  4500</leader>
  <controlfield tag="001">n 2004070501</controlfield>
  <controlfield tag="003">DLC</controlfield>
  <controlfield tag="005">20040426160826.0</controlfield>
  <controlfield tag="008">040426n| acannaabn          |n aad      </controlfield>
  <datafield tag="010" ind1=" " ind2=" ">
    <subfield code="a">n 2004070501</subfield>
  </datafield>
  <datafield tag="040" ind1=" " ind2=" ">
    <subfield code="a">DLC</subfield>
    <subfield code="b">eng</subfield>
    <subfield code="c">DLC</subfield>
  </datafield>
  <datafield tag="100" ind1="1" ind2=" ">
    <subfield code="a">Harrison, Jonty,</subfield>
    <subfield code="d">1952-</subfield>
    <subfield code="t">EQ.</subfield>
  </datafield>
  <datafield tag="670" ind1=" " ind2=" ">
    <subfield code="a">Cottrell, Stephen. The electric saxophone, p2000</subfield>
    <subfield code="b">(EQ)</subfield>
  </datafield>
</record>